@article{mosquera2014detecting,
  title={On Detecting Messaging Abuse in Short Text Messages using Linguistic and Behavioral patterns},
  author={Mosquera, Alejandro and Aouad, Lamine and Grzonkowski, Slawomir and Morss, Dylan},
  journal={arXiv preprint arXiv:1408.3934},
  year={2014},
}

@inproceedings{wulczyn2017ex,
  title={Ex machina: Personal attacks seen at scale},
  author={Wulczyn, Ellery and Thain, Nithum and Dixon, Lucas},
  booktitle={Proceedings of the 26th International Conference on World Wide Web},
  pages={1391--1399},
  year={2017},
  organization={International World Wide Web Conferences Steering Committee},
}

@article{goyal2013peer,
  title={Peer-to-peer insult detection in online communities},
  author={Goyal, Priya and Kalra, Gaganpreet Singh},
  year={2013},
}

@inproceedings{hateoffensive,
  title = {Automated Hate Speech Detection and the Problem of Offensive Language},
  author = {Davidson, Thomas and Warmsley, Dana and Macy, Michael and Weber, Ingmar}, 
  booktitle = {Proceedings of the 11th International AAAI Conference on Web and Social Media},
  series = {ICWSM '17},
  year = {2017},
  location = {Montreal, Canada},
  pages = {512-515},
  }

@article{kim2014convolutional,
  title={Convolutional neural networks for sentence classification},
  author={Kim, Yoon},
  journal={arXiv preprint arXiv:1408.5882},
  year={2014}
}

@inproceedings{badjatiya2017deep,
  title={Deep learning for hate speech detection in tweets},
  author={Badjatiya, Pinkesh and Gupta, Shashank and Gupta, Manish and Varma, Vasudeva},
  booktitle={Proceedings of the 26th International Conference on World Wide Web Companion},
  pages={759--760},
  year={2017},
  organization={International World Wide Web Conferences Steering Committee},
}

@article{maus2009svm,
  title={SVM approach to forum and comment moderation},
  author={Maus, Adam},
  journal={Class Projects for CS},
  year={2009},
}

@inproceedings{mehdad2016characters,
  title={Do Characters Abuse More Than Words?},
  author={Mehdad, Yashar and Tetreault, Joel},
  booktitle={Proceedings of the 17th Annual Meeting of the Special Interest Group on Discourse and Dialogue},
  pages={299--303},
  year={2016},
}

@inproceedings{dos2014deep,
  title={Deep convolutional neural networks for sentiment analysis of short texts},
  author={dos Santos, Cicero and Gatti, Maira},
  booktitle={Proceedings of COLING 2014, the 25th International Conference on Computational Linguistics: Technical Papers},
  pages={69--78},
  year={2014},
}

@article{huang2016modeling,
  title={Modeling rich contexts for sentiment classification with lstm},
  author={Huang, Minlie and Cao, Yujie and Dong, Chao},
  journal={arXiv preprint arXiv:1605.01478},
  year={2016},
}

@inproceedings{wang2015predicting,
  title={Predicting polarities of tweets by composing word embeddings with long short-term memory},
  author={Wang, Xin and Liu, Yuanchao and Chengjie, SUN and Wang, Baoxun and Wang, Xiaolong},
  booktitle={Proceedings of the 53rd Annual Meeting of the Association for Computational Linguistics and the 7th International Joint Conference on Natural Language Processing (Volume 1: Long Papers)},
  volume={1},
  pages={1343--1353},
  year={2015},
}

@inproceedings{chatzakou2017mean,
  title={Mean birds: Detecting aggression and bullying on twitter},
  author={Chatzakou, Despoina and Kourtellis, Nicolas and Blackburn, Jeremy and De Cristofaro, Emiliano and Stringhini, Gianluca and Vakali, Athena},
  booktitle={Proceedings of the 2017 ACM on Web Science Conference},
  pages={13--22},
  year={2017},
  organization={ACM},
}

@article{yin2009detection,
  title={Detection of harassment on web 2.0},
  author={Yin, Dawei and Xue, Zhenzhen and Hong, Liangjie and Davison, Brian D and Kontostathis, April and Edwards, Lynne},
  journal={Proceedings of the Content Analysis in the WEB},
  volume={2},
  pages={1--7},
  year={2009},
}

@inproceedings{pavlopoulos2017deeper,
  title={Deeper attention to abusive user content moderation},
  author={Pavlopoulos, John and Malakasiotis, Prodromos and Androutsopoulos, Ion},
  booktitle={Proceedings of the 2017 Conference on Empirical Methods in Natural Language Processing},
  pages={1125--1135},
  year={2017}
}

@article{pavlopoulos2017improved,
  title={Improved Abusive Comment Moderation with User Embeddings},
  author={Pavlopoulos, John and Malakasiotis, Prodromos and Bakagianni, Juli and Androutsopoulos, Ion},
  journal={arXiv preprint arXiv:1708.03699},
  year={2017}
}

@inproceedings{hartung2017identifying,
  title={Identifying Right-Wing Extremism in German Twitter Profiles: a Classification Approach},
  author={Hartung, Matthias and Klinger, Roman and Schmidtke, Franziska and Vogel, Lars},
  booktitle={International Conference on Applications of Natural Language to Information Systems},
  pages={320--325},
  year={2017},
  organization={Springer}
}

@article{bastidas2016harassment,
  title={Harassment detection: a benchmark on the\# HackHarassment dataset},
  author={Bastidas, Alexei and Dixon, Edward and Loo, Chris and Ryan, John},
  journal={arXiv preprint arXiv:1609.02809},
  year={2016}
}

@article{hosseini2017deceiving,
  title={Deceiving Google's Perspective API Built for Detecting Toxic Comments},
  author={Hosseini, Hossein and Kannan, Sreeram and Zhang, Baosen and Poovendran, Radha},
  journal={arXiv preprint arXiv:1702.08138},
  year={2017}
}

@inproceedings{pennington2014glove,
  title={Glove: Global vectors for word representation},
  author={Pennington, Jeffrey and Socher, Richard and Manning, Christopher},
  booktitle={Proceedings of the 2014 conference on empirical methods in natural language processing (EMNLP)},
  pages={1532--1543},
  year={2014}
}

%%%%%%%%%%%%%%%%%%%%%%%%%%%%%%%%%%%%%%%%%%%%%%%%%%%%%%%%%%%%%%%%%%%
%% dataset
@misc{wikidetoxpersonalattacks, title={Wikipedia Talk Labels: Personal Attacks}, url={https://figshare.com/articles/Wikipedia_Talk_Labels_Personal_Attacks/4054689/6}, DOI={10.6084/m9.figshare.4054689.v6}, abstractNote={This data set includes over 100k labeled discussion comments from English Wikipedia. Each comment was labeled by multiple annotators via Crowdflower on whether it contains a personal attack. We also include some demographic data for each crowd-worker. See our wiki for documentation of the schema of each file and our research paper for documentation on the data collection and modeling methodology. For a quick demo of how to use the data for model building and analysis, check out this ipython notebook.}, publisher={figshare}, author={Wulczyn, Ellery and Thain, Nithum and Dixon, Lucas}, year={2017}, month={Feb}}

 @misc{wikidetoxaggression,  title={Wikipedia Talk Labels: Aggression},  url={https://figshare.com/articles/Wikipedia_Talk_Labels_Aggression/4267550/5},  DOI={10.6084/m9.figshare.4267550.v5},  abstractNote={This
 data set includes over 100k labeled discussion comments from English 
Wikipedia. Each comment was labeled by multiple annotators via 
Crowdflower on whether it has aggressive tone. We also include some demographic data for each crowd-worker.  See our wiki for documentation of the schema of each file and our research paper for
 documentation on the data collection and modeling methodology. For a 
quick demo of how to use the data for model building and analysis, check
 out this ipython notebook.},  publisher={figshare},  author={Wulczyn, Ellery and Thain, Nithum and Dixon, Lucas},  year={2017},  month={Feb}}

 @misc{wikidetoxtoxicity,  title={Wikipedia Talk Labels: Toxicity},  url={https://figshare.com/articles/Wikipedia_Talk_Labels_Toxicity/4563973/2},  DOI={10.6084/m9.figshare.4563973.v2},  abstractNote={This data set includes over 100k labeled discussion comments from English Wikipedia. Each comment was labeled by multiple annotators via Crowdflower on whether it is a toxic or healthy contribution. We also include some demographic data for each crowd-worker. See our wiki for documentation of the schema of each file and our research paper for documentation on the data collection and modeling methodology. For a quick demo of how to use the data for model building and analysis, check out this ipython notebook.},  publisher={figshare},  author={Thain, Nithum and Dixon, Lucas and Wulczyn, Ellery},  year={2017},  month={Feb}}

 @misc{wikidetoxdatarelease,  title={Wikipedia Talk Corpus},  url={https://figshare.com/articles/Wikipedia_Talk_Corpus/4264973/3},  DOI={10.6084/m9.figshare.4264973.v3},  abstractNote={We provide a corpus of discussion comments from English Wikipedia talk pages. Comments are grouped into different files by year. Comments are generated by computing diffs over the full revision history and extracting the content added for each revision. See our wiki for documentation of the schema and our research paper for documentation on the data collection and processing methodology.},  publisher={figshare},  author={Wulczyn, Ellery and Thain, Nithum and Dixon, Lucas},  year={2017},  month={Jan}}

@misc{redditdata1,
  author = {Reddit},
  url={https://www.kaggle.com/reddit/reddit-comments-may-2015},
  title = {May 2015 Reddit Comments},
  year = {2015},
  note = {Recently Reddit released an enormous dataset containing all ~1.7 billion of their publicly available comments. The full dataset is an unwieldy 1+ terabyte uncompressed, so we've decided to host a small portion of the comments here for Kagglers to explore.,    \url{https://www.kaggle.com/reddit/reddit-comments-may-2015}},
}

@misc{redditdata2,
  author = {Reddit User Stuck\_In\_the\_Matrix},
  title = {I have every publicly available Reddit comment for research. ~ 1.7 billion comments @ 250 GB compressed. Any interest in this?},
  year = {2016},
  note = {A collection of data collected via Reddit API,    \url{https://www.reddit.com/r/datasets/comments/3bxlg7/i_have_every_publicly_available_reddit_comment/?st=jdz37df0&sh=be1a5090}},
}

@misc{cyberbull1,
  author = {April Edwards},
  title = {ChatCoder},
  year = {2012},
  note = {Cyber bullying data which includes texts from MySpace,    \url{http://chatcoder.com/DataDownload}},
}

@misc{cyberbull2,
  author = {UWM},
  title = {Data and code for the study of bullying},
  year = {2015},
  note = {Cyber bullying dataset from wisconsin,    \url{http://research.cs.wisc.edu/bullying/data.html}},
}

@misc{terrorism,
  author = {UofA AI},
  title = {The Dark Web Project},
  year = {2012},
  note = {Cyber bullying dataset from wisconsin,    \url{https://ai.arizona.edu/research/dark-web-geo-web}},
}

@inproceedings{trolololo,
  title={A Large Labeled Corpus for Online Harassment Research},
  author={Golbeck, Jennifer and Ashktorab, Zahra and Banjo, Rashad O and Berlinger, Alexandra and Bhagwan, Siddharth and Buntain, Cody and Cheakalos, Paul and Geller, Alicia A and Gergory, Quint and Gnanasekaran, Rajesh Kumar and others},
  booktitle={Proceedings of the 2017 ACM on Web Science Conference},
  pages={229--233},
  year={2017},
  organization={ACM},
}

@misc{kaggle,
  author = {Jigsaw},
  title = {Toxic Comment Classification Challenge},
  year = {2018},
  note = {Kaggle toxic comment competition dataset,    \url{https://www.kaggle.com/c/jigsaw-toxic-comment-classification-challenge/data}},
}

@misc{greekdataset,
  author = {Athens University Natural Language Processing Group},
  title = {Gazzetta sports news portal dataset},
  year = {2018},
  note = {The dataset is in greek,    \url{http://nlp.cs.aueb.gr/software.html}},
}


%%%%% Demo
 @misc{demo,
  author = {StrainTek},
  title = {About},
  year = {2018},
  note = {The greek website funded by Google,    \url{http://straintek.wediacloud.net/about/}},
}

